<?xml version="1.0" encoding="UTF-8"?><collection xmlns="http://www.loc.gov/MARC21/slim"><record><leader>00439nam--2200133-i-4500</leader><controlfield tag="001">000034208</controlfield><controlfield tag="002">20161230</controlfield><controlfield tag="005">20161230201039</controlfield><controlfield tag="008">060222s1000------------r-----000-0-eng-d</controlfield><datafield ind1=" " ind2=" " tag="100"><subfield code="a">Mott, N.F</subfield></datafield><datafield ind1=" " ind2=" " tag="245"><subfield code="a">Atomic structure and the strength of metals. an acount for non scientist of recent researches</subfield></datafield><datafield ind1=" " ind2=" " tag="260"><subfield code="a">London, Pergamo Press, 1956, 64p.Cu Fig.+ 7 Pl</subfield></datafield><datafield ind1=" " ind2=" " tag="490"><subfield code="a">Page-barbour Lectures For The Univ.Of Virginia, 1956</subfield></datafield><datafield ind1=" " ind2=" " tag="852"><subfield code="a">12143</subfield></datafield></record></collection>